@article{art1:articulo1,
    author			= {Felipe Feijoo, Tapas K. Das},
    title			= {Design of Pareto optimal CO2 cap-and-trade policies for deregulated electricity networks},
    journal			= {Applied Energy},
    volume			= {119},
    number			= {,},
    pages			= {371--383},
    year			= {2014},
    month			= {},
    note			= {},
    language        = {English},
}

@article{art2:articulo,
    author			= {Haitao Zhao, Peng Jiang, Zhe Chen, Collins I. Ezeh, Yuanda Hong, Yishan Guo, Chenghang Zheng, Hrvoje Džapo, Xiang Gao, Tao Wu},
    title			= {Improvement of fuel sources and energy products flexibility in coal power plants via energy-cyber-physical-systems approach},
    journal			= {Applied Energy},
    volume			= {254},
    number			= {,},
    pages			= {Article 113554},
    year			= {2019},
    month			= {},
    note			= {N},
    language        = {English},
}

@article{art3:articulo,
    author		={Cong Wang, Hong-li Zhang, Wen-hui Fan, Ping Ma},
    title			= {Finite-time function projective synchronization control method for chaotic wind power systems},
    journal			= {Chaos, Solitons and Fractals},
    volume			= {135},
    number			= {,},
    pages			= {Article 109756},
    year			= {2010},
    month			= {},
    note			= {},
    language        = {English},
}

@book{lib1:libro,
    author			= {Hal R. Varian},
    title			= {Microeconomics Analysis},
    publisher		= {Norton},
    volume			= {},
    series			= {},
    address			= {New York, USA},
    edition			= {3th},
    year			= {1992},
    month			= {},
    note			= {},
    language        = {English},
}

@book{lib2:libro,
    author			= {Ignacio J. Pérez-Arriaga},
    title			= {Regulation of the Power Sectoro},
    publisher		= {Springer},
    volume			= {},
    series			= {},
    address			= {London, UK},
    edition			= {1st},
    year			= {2013},
    month			= {},
    note			= {},
    language        = {English},
}

@manual{man1:manual,
	title			= {Programa de obras del SIC y del SING},
	author			= {CNE},
	organization	= {Ministerio de Energía},
	address			= {Santiago de Chile},
	edition			= {1ra},
	year			= {2016},
	month			= {agoust},
    note			= {Informe técnico anual},
    language        = {spanish},
}

@misc{web1:web,
    author			= {REE},
    title			= {},
    howpublished	={\path{https://demanda.ree.es/visiona/peninsula/demanda/total}},
    year			= {2020},
    month			= {August},
    note			= {Access in August 2020},
    language        = {spanish},
}

@misc{web2:web,
    author			= {CEN},
    title			= {},
    howpublished	={\path{https://sic.coordinador.cl/informes-y-documentos/estudios/}},
    year			= {2020},
    month			= {August},
    note			= {Access in August 2020},
    language        = {spanish},
}