@article{article1,
author = {Hanns DE LA FUENTE-MELLA,Mauricio ALVARADO-MARTINEZ},
year = {2020},
month = {07},
pages = {02-19},
title = {Analysis of the Factors of Chilean City Hall Using Econometric Modeling and Stochastic Frontier},
volume = {08},
journal = {Seminario Doctorado en Ingenier√≠a Industrial, Econometric Modeling and Solving Social Problems},

}
