@article{article1,
author = {Franco Bassoa, Leonardo J. Bassob, Francisco Bravoc, Raul Pezoa},
year = {2018},
month = {11},
pages = {202-219},
title = Real-time crash prediction in an urban expressway using disaggregated data},
volume = {C 18},
journal = {Transportation Research},

}

@article{article2,
author = {Franco Bassoa,d, Leonardo J. Bassob,d, Raul Pezoa.},
year = {2020},
month = {04},
pages = {105436},
title = {The importance of flow composition in real-time crash prediction},
volume = {137},
journal = {Accident Analysis and Prevention},
}

@article{article3,
author = {Abdel-Aty, M., Uddin, N., Pande, A., Abdalla, F., and Hsia, L},
year = {2004},
month = {},
pages = {88-98},
title = {Predicting freeway crashes from loop detector data by matched case-control logistic regression},
volume = {1897},
journal = {Transportation Research Record: Journal of the
Transportation Research Boar},
}

@misc{web:web1,
    author			= {Cambridge Coding Academy},
    title			= {Expanding your machine learning toolkit: Randomized search, computational budgets, and new algorithms},
    howpublished	= {\path{https://cambridgecoding.wordpress.com}},
    year			= {2016},
    month			= {Junio},
    note			= {Accedido en junio de 2020},
    language        = {Ingl√©s},
}