@article{article1,
author = {Poel, J and van Waveren, Cornelis},
year = {2012},
month = {01},
pages = {},
title = {Managing centrifugal pump reliability in the context of total cost of ownership},
volume = {18},
journal = {The South African Journal of Industrial Engineering},

}

@article{article2,
author = {Duran, O., Afonso, P.S.L.P.},
year = {2020},
month = {04},
pages = {},
title = {An activity based costing decision model for life cycle economic assessment in spare parts logistic management},
volume = {222},
journal = {International Journal of Production Economics},
}

@article{article3,
author = {Tapia-Ubeda, F.J., Miranda, P.A., Roda, I., Macchi, M., Dur치n, O.},
year = {2019},
month = {01},
pages = {},
title = {Modelling and solving spare parts supply chain network design problems},
volume = {18},
journal = {International Journal of Production Economics},
}

@article{article4,
author = {Dur치n, O., Carrasco, A., Afonso, P.S., Dur치n, P.A.},
year = {2019},
month = {08},
pages = {13},
title = {Evolutionary optimization of spare parts inventory policies: A life cycle costing perspective},
volume = {53},
journal = {IFAC-PapersOnLine},
}


@book{lib1:T1,
    author			= {Rodrigo Pascual},
    title			= {El Arte de Mantener},
    publisher		= {Universidad de Chile},
    volume			= {Apuntes de clase},
    series			= {},
    address			= {Santiago},
    edition			= {2.85},
    year			= {2005},
    month			= {},
    note			= {},
    language        = {Espa침ol},
}
