@article{article1,
author = {GabrielGutiérrez-Jarpa, Gilbert Laporte, Vladimir Marianov, Luigi Moccia},
year = {2016},
month = {02},
pages = {27-43},
title = {Multi-objective rapid transit network design with modal competition: The case of Concepción, Chile},
volume = {78},
journal = {Computers & Operations Research},

}

@article{article2,
author = {Luigi Moccia, Gilbert Laporte, Vladimir Marianov, and Gabriel Gutiérrez-Jarpa},
year = {2020},
month = {06},
pages = {53},
title = {Rapid transit network design with modal competition},
volume = {1},
journal = {Seminario de investigación},
}

@article{article3,
author = {Benoit Chachuat},
year = {S/A},
month = {S/M},
pages = {4},
title = {Mixed-Integer Linear Programming (MILP): Model Formulation},
volume = {1},
journal = {McMaster University Department of Chemical Engineering},
}




@misc{web:web,
    author			= {Scimago Journal & Country Rank},
    title			= {Understanding indicators, tables and charts},
    howpublished	= {\path{https://www.scimagojr.com/help.php}},
    year			= {2020},
    month			= {Junio},
    note			= {Accedido en junio de 2020},
    language        = {Inglés},
}