@article{art1:articulo1,
    author			= {Sebastián Cea-Echeñique, Alejandra Marinovic},
    title			= {Common belief and welfare: opposite beliefs can share a similar result},
    journal			= {In revisión},
    volume			= {none},
    number			= {,},
    pages			= {none},
    year			= {2020},
    month			= {},
    note			= {},
    language        = {English},
}

@article{art2:articulo,
    author			= {Sebastián Cea-Echeñique, Juan Pablo TOrres-Martinez},
    title			= {General equilibrium whit endogenous trading constrains},
    journal			= {Plos One},
    volume			= {13},
    number			= {9},
    pages			= {},
    year			= {2018},
    month			= {},
    note			= {N},
    language        = {English},
}

@article{art3:articulo,
    author		={Sebastián Cea-Echeñique, Juan Pablo Torres-Martinez},
    title			= {Credit segmentation in general equilibrium},
    journal			= {Journal of Mathematical Economics},
    volume			= {62},
    number			= {,},
    pages			= {19-27},
    year			= {2016},
    month			= {},
    note			= {},
    language        = {English},
}

@article{art4:articulo,
    author		={Sebastián Cea-Echeñique, Carlos Hervés-Beloso, Juan Pablo Torres-Martinez},
    title			= {Endogenous differential information},
    journal			= {Econ Theory},
    volume			= {},
    number			= {},
    pages			= {},
    year			= {2015},
    month			= {},
    note			= {},
    language        = {English},
}

@article{art5:articulo,
    author		={William R. Zame},
    title			= {Incentives, Contracts, and Markets: A General Equilibrium Theory of Firms},
    journal			= {Econometrica},
    volume			= {75},
    number			= {5},
    pages			= {1453-1500},
    year			= {2007},
    month			= {},
    note			= {},
    language        = {English},
}
@book{lib1:libro,
    author			= {Carlos Peña},
    title			= {Ideas de Perfil},
    publisher		= {Hueders},
    volume			= {},
    series			= {},
    address			= {Santiago de Chile},
    edition			= {4th},
    year			= {2018},
    month			= {},
    note			= {},
    language        = {Spanish},
}

@misc{web1:web,
    author			= {Eduardo Engel},
    title			= {Briones, Mañalich y el exceso de confianza},
    howpublished	={El Mercurio},
    year			= {12},
    month			= {April},
    note			= {2020},
    language        = {Spanish},
}

